%
%  An example of a bibliographical database for bibTeX
%
%  Recommended software for maintenance of *.bib files:
%    JabRef, http://jabref.sourceforge.net/
%
%  BEWARE:
%
%    *  If a name contains a capital letter, which must be kept such,
%       use curly brackets ({T}hailand, {HIV}).
%
%  ===========================================================================

@REPORT{MaResFut20,
  title = {{Web Scraper Software Market Research Report}},
  author = {{Market Research Future}},
  howpublished = "\url{https://www.marketresearchfuture.com/reports/web-scraper-software-market-10347}",
  year = {2020}, 
  note = "[Online; accessed 22 February 2022]"
}

@Online{Applit21,
  title = {{2022's Most Popular Programming Languages for UI Test Automation}},
  author = {{Applitools}},
  howpublished = "\url{https://www.slideshare.net/Applitools/2022s-most-popular-programming-languages-for-ui-test-automation}",
  year = {2021}, 
  note = "[Online; accessed 22 February 2022]"
}

@Online{Chck21,
  title = {{Cypress vs Selenium vs Playwright vs Puppeteer speed comparison}},
  author = {{Giovanni Rago}},
  howpublished = "\url{https://blog.checklyhq.com/cypress-vs-selenium-vs-playwright-vs-puppeteer-speed-comparison/#scenario-3-test-suite-against-a-production-web-app}",
  year = {2021}, 
  note = "[Online; accessed 26 February 2022]"
}

@Online{PPatch21,
  title = {{Playwright - Browser Patches}},
  author = {{Microsoft}},
  howpublished = "\url{https://github.com/microsoft/playwright/blob/main/browser_patches/README.md}",
  year = {2021}, 
  note = "[Online; accessed 27 February 2022]"
}

@Online{PReadme22,
  title = {{Playwright - Browsers}},
  author = {{Microsoft}},
  howpublished = "\url{https://playwright.dev/docs/browsers}",
  year = {2022}, 
  note = "[Online; accessed 27 February 2022]"
}

@Online{CyprCond,
  title = {{Cypress - Conditional Testing}},
  author = {{Cypress.io}},
  howpublished = "\url{https://docs.cypress.io/guides/core-concepts/conditional-testing}",
  year = {2022?}, 
  note = "[Online; accessed 27 February 2022]"
}

@Online{SelenCF,
  title = {{Selenium IDE - Control Flow}},
  author = {{Selenium}},
  howpublished = "\url{https://www.selenium.dev/selenium-ide/docs/en/introduction/control-flow}",
  year = {2022?}, 
  note = "[Online; accessed 27 February 2022]"
}

@BOOK{Andel07,
  title = {Základy matematické statistiky},
  publisher = {Matfyzpress},
  year = {2007},
  author = {Anděl, J.},
  address = {Praha},
  series = {Druhé opravené vydání},
  isbn = {80-7378-001-1}
}

@BOOK{Andel98,
  title = {Statistické metody},
  publisher = {Matfyzpress},
  year = {1998},
  author = {Anděl, J.},
  address = {Praha},
  series = {Druhé přepracované vydání},
  isbn = {80-85863-27-8}
}

@ARTICLE{Cox72,
  author = {Cox, D. R.},
  title = {Regression models and life-tables (with {D}iscussion)},
  journal = {Journal of the Royal Statistical Society, Series B},
  year = {1972},
  volume = {34},
  pages = {187--220},
  number = {2}
}

@ARTICLE{DempsterLairdRubin77,
  author = {Dempster, A. P. and Laird, N. M. and Rubin, D. B.},
  title = {Maximum likelihood from incomplete data via the {EM} algorithm},
  journal = {Journal of the Royal Statistical Society, Series B},
  year = {1977},
  volume = {39},
  pages = {1--38},
  number = {1}
}

@ARTICLE{Genberget08,
  author = {Genberg, B. L. and Kulich, M. and Kawichai, S. and Modiba, P. and
	Chingono, A. and Kilonzo, G. P. and Richter, L. and Pettifor, A.
	and Sweat, M. and Celentano, D. D.},
  title = {{HIV} risk behaviors in Sub-{S}aharan {A}frica and {N}orthern {T}hailand:
	{B}aseline behavioral data from project {A}ccept},
  journal = {Journal of Acquired Immune Deficiency Syndrome},
  year = {2008},
  volume = {49},
  pages = {309--319}
}

@ARTICLE{KaplanMeier58,
  author = {Kaplan, E. L. and Meier, P.},
  title = {Nonparametric estimation from incomplete observations},
  journal = {Journal of the American Statistical Association},
  year = {1958},
  volume = {53},
  pages = {457--481},
  number = {282}
}

@BOOK{LehmannCasella98,
  title = {Theory of Point Estimation},
  publisher = {Springer-Verlag},
  year = {1998},
  author = {Lehmann, E. L. and Casella, G.},
  address = {New York},
  series = {{S}econd {E}dition},
  isbn = {0-387-98502-6}
}

@ARTICLE{Student08,
  author = {Student},
  title = {On the probable error of the mean},
  journal = {Biometrika},
  year = {1908},
  volume = {6},
  pages = {1-25}
}
